%%==================================================
%% chap2.bib for BIT Master Thesis
%%==================================================