@article{贾兴无2018基于网约车数据的居民出行需求特征分析及需求预测,  
  author={贾兴无}, 
  title={基于网约车数据的居民出行需求特征分析及需求预测}, 
  journal={交通工程}, 
  year={2018}, 
  volume={18}, 
  number={5}, 
  pages={39-45}, 
  month={1}, 
}