@article{2016A,
  title={A Graph-Based Approach to Measuring the Efficiency of an Urban Taxi Service System},
  author={ Zhan, X.  and  Qian, X.  and  Ukkusuri, S. V. },
  journal={IEEE Transactions on Intelligent Transportation Systems},
  volume={17},
  number={9},
  pages={2479-2489},
  year={2016},
}