%%==================================================
%% chap3.bib for BIT Master Thesis
%%==================================================